@INPROCEEDINGS{Harris88acombined,
    author = {Chris Harris and Mike Stephens},
    title = {A combined corner and edge detector},
    booktitle = {In Proc. of Fourth Alvey Vision Conference},
    year = {1988},
    pages = {147--151}
}

@INPROCEEDINGS{TomasiBilateralFiltering, 
author={Tomasi, C. and Manduchi, R.}, 
booktitle={Computer Vision, 1998. Sixth International Conference on}, 
title={Bilateral filtering for gray and color images}, 
year={1998}, 
month={Jan}, 
pages={839-846}, 
keywords={colour vision;computer vision;image processing;bilateral filtering;color images;edges preservation;geometric closeness;gray images;perceptual metric;phantom colors;photometric similarity;Color;Computer science;Filtering;Humans;Imaging phantoms;Low pass filters;Photometry;Pixel;Shape measurement;Smoothing methods}, 
doi={10.1109/ICCV.1998.710815},}

@book{Wiener:1964:EIS:1097023,
 author = {Wiener, Norbert},
 title = {Extrapolation, Interpolation, and Smoothing of Stationary Time Series},
 year = {1964},
 isbn = {0262730057},
 publisher = {The MIT Press},
} 

