@inproceedings{ciardiello1988experimental,
  title={An experimental system for office document handling and text recognition},
  author={Ciardiello, G and Scafuro, G and Degrandi, MT and Spada, MR and Roccotelli, MP},
  booktitle={Proc 9th Int. Conf. on Pattern Recognition},
  pages={739--743},
  year={1988}
}
