@article{rusinol2015efficient,
  title={Efficient segmentation-free keyword spotting in historical document collections},
  author={Rusi{\~n}ol, Mar{\c{c}}al and Aldavert, David and Toledo, Ricardo and Llad{\'o}s, Josep},
  journal={Pattern Recognition},
  volume={48},
  number={2},
  pages={545--555},
  year={2015},
  publisher={Elsevier}
}

@misc{vedaldi08vlfeat,
 Author = {A. Vedaldi and B. Fulkerson},
 Title = {{VLFeat}: An Open and Portable Library
          of Computer Vision Algorithms},
 Year  = {2008},
 Howpublished = {\url{http://www.vlfeat.org/}}
